
@article{mccarthy_proposal,
author= {J. McCarthy and M.L. Minsky and N. Rochester and C.E. Shannon},
title = {A proposal for the Dartmouth summer research project on artificial intelligence},
year={1995}
},
@online{ai_history,
author = {R. Anyoha},
title = {The History of Articial Intelligence},
year = {2017},
url = {http://sitn.hms.harvard.edu/flash/2017/history-artificial-intelligence/}
},
@article{turing,
author ={A.M. Turing},
title={Computing Machinery and Intelligence},
year = {1950}
},
@online{predictive_modelling,
author = {S. Raschka},
title = {Predictive modeling, supervised machine learning, and pattern classification – the big picture},
year= {2014},
url = {http://sebastianraschka.com/Articles/2014_intro_supervised_learning.html}
},
@online{history_cellphones,
author = {J. Hur},
title = {History of Cellular Mobile Phones},
url = {https://bebusinessed.com/history/history-cell-phones/},
year= {2016}
},
@online{image_representation,
author = {V. M. Mahdi},
title ={How Image Can be Represented in Computer System},
url={https://prezi.com/7rnsw4pxcu7n/how-image-can-be-represented-in-computer-system/ },
year = {2014}
},
@book{android,
author={I. Krajci and D. Cummings},
title={Android on x86: An Introduction to Optimizing for Intel Architecture},
year={2013}
},
@online{arm_architecture_android,
author={J. Hildenbrand},
title={What is ARM?},
year={2016}
},
@article{arm_ml,
author={P. Whatmough},
title={Mobile Machine Learning Hardware at ARM: A System-on-Chip (SoC) Perspective},
year= {2018}
},
@online{phone_lady,
author={P. Wensink},
title={Did You Know: The 1st Cell Phone Call Was An Epic Troll?},
url={http://www.realclear.com/offbeat/2016/02/03/_did_you_know_the_first_cell_phone_call_was_made_out_of_spite_12786.html}
},
@online{ibm_simon,
author={A. Grush},
title={IBM Simon: World’s first smartphone is now 20 years old},
year={2012},
url={https://www.androidauthority.com/ibm-simon-birthday-134255/}
},
@online{ann,
author={L. Jacobson},
title={Introduction to Artificial Neural Networks - Part 1},
year={2013},
url={http://www.theprojectspot.com/tutorial-post/introduction-to-artificial-neural-networks-part-1/7}
},
@online{ml_intro,
author={S. Raschka},
title={Predictive modeling, supervised machine learning, and pattern classification
— the big picture},
year={2014},
url={https://sebastianraschka.com/Articles/2014_intro_supervised_learning.html}
}

